%YAML 1.1
%TAG !u! tag:unity3d.com,2011:
--- !u!1 &6253220337729064684
GameObject:
  m_ObjectHideFlags: 0
  m_CorrespondingSourceObject: {fileID: 0}
  m_PrefabInstance: {fileID: 0}
  m_PrefabAsset: {fileID: 0}
  serializedVersion: 6
  m_Component:
  - component: {fileID: 6256075106050669052}
  - component: {fileID: 6249471130641262122}
  - component: {fileID: 6237846670187676840}
  - component: {fileID: 7168367429976443314}
  - component: {fileID: 8601841205721535734}
  m_Layer: 0
  m_Name: Tree_2
  m_TagString: Fixed_Temporary
  m_Icon: {fileID: 0}
  m_NavMeshLayer: 0
  m_StaticEditorFlags: 4294967295
  m_IsActive: 1
--- !u!4 &6256075106050669052
Transform:
  m_ObjectHideFlags: 0
  m_CorrespondingSourceObject: {fileID: 0}
  m_PrefabInstance: {fileID: 0}
  m_PrefabAsset: {fileID: 0}
  m_GameObject: {fileID: 6253220337729064684}
  m_LocalRotation: {x: 0, y: -0, z: -0, w: 1}
  m_LocalPosition: {x: 6, y: 0, z: 13}
  m_LocalScale: {x: 1, y: 1.2, z: 1}
  m_Children: []
  m_Father: {fileID: 0}
  m_RootOrder: 0
  m_LocalEulerAnglesHint: {x: 0, y: 0, z: 0}
--- !u!33 &6249471130641262122
MeshFilter:
  m_ObjectHideFlags: 0
  m_CorrespondingSourceObject: {fileID: 0}
  m_PrefabInstance: {fileID: 0}
  m_PrefabAsset: {fileID: 0}
  m_GameObject: {fileID: 6253220337729064684}
  m_Mesh: {fileID: 4300000, guid: a45c69d78a342dd4b81337a15ddc9e0f, type: 3}
--- !u!23 &6237846670187676840
MeshRenderer:
  m_ObjectHideFlags: 0
  m_CorrespondingSourceObject: {fileID: 0}
  m_PrefabInstance: {fileID: 0}
  m_PrefabAsset: {fileID: 0}
  m_GameObject: {fileID: 6253220337729064684}
  m_Enabled: 1
  m_CastShadows: 1
  m_ReceiveShadows: 1
  m_DynamicOccludee: 0
  m_MotionVectors: 1
  m_LightProbeUsage: 1
  m_ReflectionProbeUsage: 1
  m_RenderingLayerMask: 1
  m_RendererPriority: 0
  m_Materials:
  - {fileID: 2100000, guid: c2341a7d52e33dc45bf140b5c86be5f0, type: 2}
  m_StaticBatchInfo:
    firstSubMesh: 0
    subMeshCount: 0
  m_StaticBatchRoot: {fileID: 0}
  m_ProbeAnchor: {fileID: 0}
  m_LightProbeVolumeOverride: {fileID: 0}
  m_ScaleInLightmap: 1
  m_PreserveUVs: 0
  m_IgnoreNormalsForChartDetection: 0
  m_ImportantGI: 0
  m_StitchLightmapSeams: 0
  m_SelectedEditorRenderState: 3
  m_MinimumChartSize: 4
  m_AutoUVMaxDistance: 0.5
  m_AutoUVMaxAngle: 89
  m_LightmapParameters: {fileID: 0}
  m_SortingLayerID: 0
  m_SortingLayer: 0
  m_SortingOrder: 0
--- !u!65 &7168367429976443314
BoxCollider:
  m_ObjectHideFlags: 0
  m_CorrespondingSourceObject: {fileID: 0}
  m_PrefabInstance: {fileID: 0}
  m_PrefabAsset: {fileID: 0}
  m_GameObject: {fileID: 6253220337729064684}
  m_Material: {fileID: 0}
  m_IsTrigger: 1
  m_Enabled: 1
  serializedVersion: 2
  m_Size: {x: 0.9521692, y: 1.242873, z: 0.9521862}
  m_Center: {x: -0.027101457, y: 0.6214365, z: -0.00027893484}
--- !u!114 &8601841205721535734
MonoBehaviour:
  m_ObjectHideFlags: 0
  m_CorrespondingSourceObject: {fileID: 0}
  m_PrefabInstance: {fileID: 0}
  m_PrefabAsset: {fileID: 0}
  m_GameObject: {fileID: 6253220337729064684}
  m_Enabled: 1
  m_EditorHideFlags: 0
  m_Script: {fileID: 11500000, guid: 6cc67943b303d2d46bfd2c55c57341af, type: 3}
  m_Name: 
  m_EditorClassIdentifier: 
  spawn_probabiity:
  - 0.1
  - 0.1
  - 0.1
  items:
  - {fileID: 9060425017703186015, guid: 39a10553b6c0cc244b7f4c5d13c6d89b, type: 3}
  - {fileID: 325386853745722501, guid: 56415352f19b8534a9431e10f0fff9a3, type: 3}
  - {fileID: 4867601383286380195, guid: 766cc41057439e34f977e47c9941fe83, type: 3}
